@article{ref:4,
	title={New battery model and state-of-health determination through subspace parameter estimation and state-observer techniques},
	author={Gould, Christopher R and Bingham, Christopher M and Stone, David A and Bentley, Paul},
	journal={IEEE Transactions on Vehicular Technology},
	volume={58},
	number={8},
	pages={3905--3916},
	year={2009},
	publisher={IEEE}
}
@article{ref:1,
	title={Optimal charging of li-ion batteries with coupled electro-thermal-aging dynamics},
	author={Perez, Hector Eduardo and Hu, Xiaosong and Dey, Satadru and Moura, Scott J},
	journal={IEEE Transactions on Vehicular Technology},
	volume={66},
	number={9},
	pages={7761--7770},
	year={2017},
	publisher={IEEE}
}
@inproceedings{ref:2,
	title={Parameterization and validation of an integrated electro-thermal cylindrical lfp battery model},
	author={Perez, Hector E and Siegel, Jason B and Lin, Xinfan and Stefanopoulou, Anna G and Ding, Yi and Castanier, Matthew P},
	booktitle={ASME 2012 5th Annual Dynamic Systems and Control Conference joint with the JSME 2012 11th Motion and Vibration Conference},
	pages={41--50},
	year={2012},
	organization={American Society of Mechanical Engineers}
}
@article{ref:3,
	title={Cycle-life model for graphite-LiFePO4 cells},
	author={Wang, John and Liu, Ping and Hicks-Garner, Jocelyn and Sherman, Elena and Soukiazian, Souren and Verbrugge, Mark and Tataria, Harshad and Musser, James and Finamore, Peter},
	journal={Journal of Power Sources},
	volume={196},
	number={8},
	pages={3942--3948},
	year={2011},
	publisher={Elsevier}
}